



@misc{script,
  author = {Rønquist, Einar and Kvarving, Arne Morten  and Fonn, Eivind},
  title = {{Introduction to Supercomputing - TMA4280}},
  howpublished = "\url{https://wiki.math.ntnu.no/tma4280/2017v/start}",
  year = {2017}, 
}

@misc{task,
  author = {Aurélien Larcher},
  title = {{Introduction to Supercomputing - TMA4280 - Project II}},
  howpublished = "\url{https://wiki.math.ntnu.no/tma4280/2017v/start}",
  year = {2017}, 
}

@misc{lille,
  author = {NTNU HPC GROUP},
  title = {{Idun}},
  howpublished = "\url{https://www.hpc.ntnu.no/pages/viewpage.action?pageId=21037127}",
  year = {2017}, 
}


@book{ana_comp,
	address = {Munich},
	title = {Analog computing},
	publisher = {De Gruyter Oldenbourg},
	author = {Ulmann, Bernd},
	year = {2013}
}



